replace these by your own resources

@article{moore_hard_tiling,
  author  = {C. Moore and J. M. Robson},
  title   = {Hard Tiling Problems with Simple Tiles},
  doi     = {10.1007/s00454-001-0047-6},
  journal = {Discrete {\&} Computational Geometry},
  month   = jan,
  number  = {4},
  pages   = {573-590},
  volume  = {26},
  year    = {2001}
}

@book{golomb_polyomino_book,
  author    = {S. W. Golomb},
  title     = {Polyominoes: Puzzles, patterns, problems, and packings},
  edition   = {2nd},
  publisher = {Princeton University Press},
  year      = {1994}
}

@misc{cadical_github,
  author       = {A. Biere},
  title        = {{CaDiCaL} {S}implified {S}atisfiability {S}olver},
  note         = {Retrieved May 5, 2022},
  howpublished = {\url{https://github.com/arminbiere/cadical}}
}

@manual{sage,
  author = {{The Sage Developers}},
  title  = {{S}ageMath, the {S}age {M}athematics {S}oftware {S}ystem ({V}ersion 9.4)},
  key    = {SageMath},
  note   = {\url{https://www.sagemath.org}},
  year   = {2021}
}
