replace these by your own resources

%article{moore_hard_tiling,
  author  = {C. Moore and J. M. Robson},
  title   = {Hard Tiling Problems with Simple Tiles},
  doi     = {10.1007/s00454-001-0047-6},
  journal = {Discrete {\&} Computational Geometry},
  month   = jan,
  number  = {4},
  pages   = {573-590},
  volume  = {26},
  year    = {2001}
}

@inbook{Thijssen_2007,
  place     = {Cambridge},
  title     = {The variational method for the Schr√∂dinger equation},
  booktitle = {Computational Physics},
  publisher = {Cambridge University Press},
  author    = {Thijssen, Jos},
  year      = {2007},
  pages     = {29-42}
} 

@book{chemistry,
title = "Chemistry: The Central Science",
author = "Brown, {Theodore L.} and LeMay, {H. Eugene} and Bursten, {Bruce Edward} and Murphy, {Catherine J.} and Woodward, {Patrick M.}",
year = "2012",
language = "English (US)",
isbn = "9780321696724",
publisher = "Pearson Prentice Hall",
edition = "12",
}

@book{ansatz_etymology,
title = "The nature of mathematical modeling",
author = "Gershenfeld N. A.",
year = "1999",
language = "English",
isbn = "0-521-57095-6",
publisher = "Cambridge University Press",
}

@misc{ucc_ansatz,
title={Improving Quantum Algorithms for Quantum Chemistry}, 
author={M. B. Hastings and D. Wecker and B. Bauer and M. Troyer},
year={2014},
eprint={1403.1539},
archivePrefix={arXiv},
primaryClass={quant-ph}
}

@misc{transpiler,
author = {},
title = {Transpiler | IBM Quantum Documentation},
howpublished = {\url{https://docs.quantum.ibm.com/api/qiskit/transpiler}},
month = {},
year = {},
note = {(Accessed on 03/03/2024)}
}

@misc{native_gates,
author = {},
title = {Native gates and operations | IBM Quantum Documentation},
howpublished = {\url{https://docs.quantum.ibm.com/run/native-gates}},
month = {},
year = {},
note = {(Accessed on 03/03/2024)}
}

%https://www.cambridge.org/core/books/abs/computational-physics/variational-method-for-the-schrodinger-equation/7A36FED7E4C014E3DE257AE548B03ED4

%book{golomb_polyomino_book,
  author    = {S. W. Golomb},
  title     = {Polyominoes: Puzzles, patterns, problems, and packings},
  edition   = {2nd},
  publisher = {Princeton University Press},
  year      = {1994}
}

%misc{cadical_github,
  author       = {A. Biere},
  title        = {{CaDiCaL} {S}implified {S}atisfiability {S}olver},
  note         = {Retrieved May 5, 2022},
  howpublished = {\url{https://github.com/arminbiere/cadical}}
}

%manual{sage,
  author = {{The Sage Developers}},
  title  = {{S}ageMath, the {S}age {M}athematics {S}oftware {S}ystem ({V}ersion 9.4)},
  key    = {SageMath},
  note   = {\url{https://www.sagemath.org}},
  year   = {2021}
}

%misc{linkedin,
  author       = {K. Podder},
  title        = {VARIATIONAL {Q}UANTUM {EI}GENSOLVER FOR "{L}i{H}" MOLECULE by {K}rishanu {P}odder ({IBM} {Q}UANTUM {C}HALLENGE 2021)},
  note         = {Retrieved December 18, 2023},
  howpublished = {\url{https://www.linkedin.com/pulse/variational-quantum-eigensolver-lih-molecule-krishanu-krishanu-podder}}
}

%misc{innostation,
  author       = {A. Grover},
  title        = {{F}inding the {G}round {S}tate {E}nergy of {L}ithium {H}ydride using a {VQE}},
  note         = {Retrieved December 18, 2023},
  howpublished = {\url{https://blog.innostation.org/variational-quantum-eigensolver-quantum-chemistry-779689e5105b}}
}

%misc{medium,
  author       = {R. Osodo},
  title        = {Simulating molecules ({L}i{H}) using {VQE}},
  note         = {Retrieved December 18, 2023},
  howpublished = {\url{https://rodneyosodo.medium.com/simulating-molecules-lih-using-vqe-de40d7456fcc}}
}



